<?xml version="1.0" encoding="UTF-8"?><collection xmlns="http://www.loc.gov/MARC21/slim"><record><leader>00504nam--2200169-i-4500</leader><controlfield tag="001">000011372</controlfield><controlfield tag="002">20161230</controlfield><controlfield tag="005">20170108211155</controlfield><controlfield tag="008">060222s1000------------r-----000-0-eng-d</controlfield><datafield ind1=" " ind2=" " tag="100"><subfield code="a">Abdree, Josephine P</subfield></datafield><datafield ind1=" " ind2=" " tag="245"><subfield code="a">Computer programming. Techniques, analysis and mathematics</subfield></datafield><datafield ind1=" " ind2=" " tag="260"><subfield code="a">Englewood Cliffs</subfield><subfield code="b">Prentice-Hall, Inc</subfield><subfield code="c">1973</subfield></datafield><datafield ind1=" " ind2=" " tag="300"><subfield code="a">XVII + 549 p</subfield></datafield><datafield ind1=" " ind2=" " tag="490"><subfield code="a">Prentice-hall Series In Automatic Computation</subfield></datafield><datafield ind1=" " ind2=" " tag="700"><subfield code="a">Andree, Richard V</subfield></datafield><datafield ind1=" " ind2=" " tag="852"><subfield code="a">42215</subfield></datafield><datafield ind1=" " ind2=" " tag="CAT"><subfield code="a">SYS</subfield><subfield code="c">20170108</subfield><subfield code="h">211155</subfield></datafield></record></collection>